@article{Aly2005,
  title={Survey on multiclass classification methods},
  author={Aly, Mohamed},
  journal={Neural networks},
  volume={19},
  pages={1--9},
  year={2005},
  publisher={Citeseer}
}

@article{Arlot2010,
author = "Arlot, Sylvain and Celisse, Alain",
doi = "10.1214/09-SS054",
fjournal = "Statistics Surveys",
journal = "Statist. Surv.",
pages = "40--79",
publisher = "The American Statistical Association, the Bernoulli Society, the Institute of Mathematical Statistics, and the Statistical Society of Canada",
title = "A survey of cross-validation procedures for model selection",
url = "https://doi.org/10.1214/09-SS054",
volume = "4",
year = "2010"
}

@article{Dietterich1994,
  title={Solving multiclass learning problems via error-correcting output codes},
  author={Dietterich, Thomas G and Bakiri, Ghulum},
  journal={Journal of artificial intelligence research},
  volume={2},
  pages={263--286},
  year={1994}
}

@article{Hand2001,
author="Hand, David J. and Till, Robert J.",
title="A Simple Generalisation of the Area Under the ROC Curve for Multiple Class Classification Problems",
journal="Machine Learning",
year="2001",
month="Nov",
day="01",
volume="45",
number="2",
pages="171--186",
issn="1573-0565",
doi="10.1023/A:1010920819831",
url="https://doi.org/10.1023/A:1010920819831"
}

@article{Kharde2016,
   title={Sentiment Analysis of Twitter Data: A Survey of Techniques},
   volume={139},
   ISSN={0975-8887},
   url={http://dx.doi.org/10.5120/ijca2016908625},
   DOI={10.5120/ijca2016908625},
   number={11},
   journal={International Journal of Computer Applications},
   publisher={Foundation of Computer Science},
   author={A. Kharde, Vishal and Sonawane, S.S.},
   year={2016},
   month={Apr},
   pages={5-â€“15}
}

@article{Mikolov2013,
author = {Mikolov, Tomas and Chen, Kai and Corrado, G.s and Dean, Jeffrey},
year = {2013},
month = {01},
title = {Efficient Estimation of Word Representations in Vector Space},
volume = {2013},
journal = {Proceedings of Workshop at ICLR}
}

@article{Pedregosa2011,
 title={Scikit-learn: Machine Learning in {P}ython},
 author={Pedregosa, F. and Varoquaux, G. and Gramfort, A. and Michel, V.
         and Thirion, B. and Grisel, O. and Blondel, M. and Prettenhofer, P.
         and Weiss, R. and Dubourg, V. and Vanderplas, J. and Passos, A. and
         Cournapeau, D. and Brucher, M. and Perrot, M. and Duchesnay, E.},
 journal={Journal of Machine Learning Research},
 volume={12},
 pages={2825--2830},
 year={2011}
}

@article{Ruan2014,
author="Ruan, Yu-Xun and Lin, Hsuan-Tien and Tsai, Ming-Feng",
title="Improving ranking performance with cost-sensitive ordinal classification via regression",
journal="Information Retrieval",
year="2014",
month="Feb",
day="01",
volume="17",
number="1",
pages="1--20",
issn="1573-7659",
doi="10.1007/s10791-013-9219-2",
url="https://doi.org/10.1007/s10791-013-9219-2"
}

@article{Turney2002,
  title={Types of cost in inductive concept learning},
  author={Turney, Peter D},
  journal={arXiv preprint cs/0212034},
  year={2002}
}

@article{Wang2010,
author = {Wang, Deqing and Zhang, Hui},
year = {2010},
month = {12},
pages = {},
title = {Inverse-Category-Frequency Based Supervised Term Weighting Schemes for Text Categorization},
volume = {29},
journal = {Computing Research Repository - CORR}
}

@article{Wu2004,
 author = {Wu, Ting-Fan and Lin, Chih-Jen and Weng, Ruby C.},
 title = {Probability Estimates for Multi-class Classification by Pairwise Coupling},
 journal = {J. Mach. Learn. Res.},
 issue_date = {12/1/2004},
 volume = {5},
 month = dec,
 year = {2004},
 issn = {1532-4435},
 pages = {975--1005},
 numpages = {31},
 url = {http://dl.acm.org/citation.cfm?id=1005332.1016791},
 acmid = {1016791},
 publisher = {JMLR.org}
} 

@book{Bird2009,
  title={Natural language processing with Python: analyzing text with the natural language toolkit},
  author={Bird, Steven and Klein, Ewan and Loper, Edward},
  year={2009},
  publisher={" O'Reilly Media, Inc."}
}

@book{Bishop2006,
 author = {Bishop, Christopher M.},
 title = {Pattern Recognition and Machine Learning (Information Science and Statistics)},
 year = {2006},
 isbn = {0387310738},
 publisher = {Springer-Verlag},
 address = {Berlin, Heidelberg},
}

@book{Kwartler2017,
  title={Text mining in practice with R},
  author={Kwartler, Ted},
  year={2017},
  publisher={John Wiley \& Sons}
}

@book{Manning2008,
 author = {Manning, Christopher D. and Raghavan, Prabhakar and Sch\"{u}tze, Hinrich},
 title = {Introduction to Information Retrieval},
 year = {2008},
 isbn = {0521865719, 9780521865715},
 publisher = {Cambridge University Press},
 address = {New York, NY, USA}
}

@book{Mitchell1997,
 author = {Mitchell, Thomas M.},
 title = {Machine Learning},
 year = {1997},
 isbn = {0070428077, 9780070428072},
 edition = {1},
 publisher = {McGraw-Hill, Inc.},
 address = {New York, NY, USA}
} 

@book{Schieber2014,
  title={Entwicklung eines generischen Vorgehensmodells f{\"u}r Text Mining},
  author={Schieber, Andreas and Hilbert, Andreas},
  year={2014},
  publisher={Technische Universit{\"a}t Dresden, Fakult{\"a}t Wirtschaftswissenschaften}
}

@book{Witten2005,
 author = {Witten, Ian H. and Frank, Eibe},
 title = {Data Mining: Practical Machine Learning Tools and Techniques, Second Edition (Morgan Kaufmann Series in Data Management Systems)},
 year = {2005},
 isbn = {0120884070},
 publisher = {Morgan Kaufmann Publishers Inc.},
 address = {San Francisco, CA, USA}
}

@electronic{Harrell2015,
  address = {Cham},
  author = {Harrell Jr., Frank E},
  edition = {2nd ed. 2015},
  hdsurl = {https://hds.hebis.de/ulbda/Record/HEB363730044},
  isbn = {9783319194240},
  keywords = {},
  series = {Springer Series in Statistics},
  title = {Regression Modeling Strategies : With Applications to Linear Models, Logistic and Ordinal Regression, and Survival Analysis},
  uniqueid = {HEB363730044},
  url = {http://dx.doi.org/10.1007/978-3-319-19425-7},
  year = 2015
}

@incollection{Aggarwal2012,
  title={A survey of text classification algorithms},
  author={Aggarwal, Charu C and Zhai, ChengXiang},
  booktitle={Mining text data},
  pages={163--222},
  year={2012},
  month={06},
  publisher={Springer}
}

@inproceedings{Dong2005,
author="Dong, Lin and Frank, Eibe and Kramer, Stefan",
editor="Jorge, Al{\'i}pio M{\'a}rio and Torgo, Lu{\'i}s and Brazdil, Pavel and Camacho, Rui and Gama, Jo{\~a}o",
title="Ensembles of Balanced Nested Dichotomies for Multi-class Problems",
booktitle="Knowledge Discovery in Databases: PKDD 2005",
year="2005",
publisher="Springer Berlin Heidelberg",
address="Berlin, Heidelberg",
pages="84--95",
isbn="978-3-540-31665-7"
}

@inproceedings{Frank2001,
author="Frank, Eibe and Hall, Mark",
editor="De Raedt, Luc and Flach, Peter",
title="A Simple Approach to Ordinal Classification",
booktitle="Machine Learning: ECML 2001",
year="2001",
publisher="Springer Berlin Heidelberg",
address="Berlin, Heidelberg",
pages="145--156"
}

@inproceedings{Halibas2018,
author = {Halibas, Alrence and Mohamed, Varusai},
year = {2018},
month = {03},
pages = {},
title = {Application of Text Classification and Clustering of Twitter Data for Business Analytics},
doi = {10.1109/MINTC.2018.8363162}
}

@inproceedings{Joachims1997,
author = {Joachims, Thorsten},
year = {1997},
month = {01},
pages = {143--151},
title = {A Probabilistic Analysis of the Rocchio Algorithm with TFIDF for Text Categorization},
booktitle={proceedings of the 14th International Conference on Machine Learning, 1997},
}

@inproceedings{Kotsiantis2004,
author="Kotsiantis, Sotiris B. and Pintelas, Panagiotis E.",
editor="Vouros, George A. and Panayiotopoulos, Themistoklis",
title="A Cost Sensitive Technique for Ordinal Classification Problems",
booktitle="Methods and Applications of Artificial Intelligence",
year="2004",
publisher="Springer Berlin Heidelberg",
address="Berlin, Heidelberg",
pages="220--229"
}

@inproceedings{Kusner2015,
 author = {Kusner, Matt J. and Sun, Yu and Kolkin, Nicholas I. and Weinberger, Kilian Q.},
 title = {From Word Embeddings to Document Distances},
 booktitle = {Proceedings of the 32Nd International Conference on International Conference on Machine Learning - Volume 37},
 series = {ICML'15},
 year = {2015},
 location = {Lille, France},
 pages = {957--966},
 numpages = {10},
 url = {http://dl.acm.org/citation.cfm?id=3045118.3045221},
 acmid = {3045221},
 publisher = {JMLR.org}
} 

@inproceedings{Pennington2014,
  author = {Jeffrey Pennington and Richard Socher and Christopher D. Manning},
  booktitle = {Empirical Methods in Natural Language Processing (EMNLP)},
  title = {GloVe: Global Vectors for Word Representation},
  year = {2014},
  pages = {1532--1543},
  url = {http://www.aclweb.org/anthology/D14-1162},
}

@inproceedings{Qin2010,
author="Qin, Zhenxing and Zhang, Chengqi and Wang, Tao and Zhang, Shichao", editor="Cao, Longbing and Feng, Yong and Zhong, Jiang",
title="Cost Sensitive Classification in Data Mining",
booktitle="Advanced Data Mining and Applications",
year="2010",
publisher="Springer Berlin Heidelberg",
address="Berlin, Heidelberg",
pages="1--11",
isbn="978-3-642-17316-5"
}

@inproceedings{Turian2010,
 author = {Turian, Joseph and Ratinov, Lev and Bengio, Yoshua},
 title = {Word Representations: A Simple and General Method for Semi-supervised Learning},
 booktitle = {Proceedings of the 48th Annual Meeting of the Association for Computational Linguistics},
 series = {ACL '10},
 year = {2010},
 location = {Uppsala, Sweden},
 pages = {384--394},
 numpages = {11},
 url = {http://dl.acm.org/citation.cfm?id=1858681.1858721},
 acmid = {1858721},
 publisher = {Association for Computational Linguistics},
 address = {Stroudsburg, PA, USA},
}

@manual{Edwards1994,
author = {Steven J. Edwards},
title = {Standard: Portable Game Notation Specification and Implementation Guide},
year = {1994},
note = {available at http://www.saremba.de/chessgml/standards/pgn/pgn-complete.htm, accessed 19.03.2019}
}
